<record><leader>00000cas a22000007a 4500</leader><controlfield tag="001">12709421</controlfield><controlfield tag="008">851023d18831891vauwr ne      0    0eng d</controlfield><datafield ind1=" " ind2=" " tag="010"><subfield code="a">sn 85034358 </subfield></datafield><datafield ind1=" " ind2=" " tag="040"><subfield code="a">NPU</subfield><subfield code="b">eng</subfield><subfield code="c">NPU</subfield><subfield code="d">NVK</subfield><subfield code="d">OCLCQ</subfield><subfield code="d">OCLCO</subfield></datafield><datafield ind1="1" ind2=" " tag="029"><subfield code="a">AU@</subfield><subfield code="b">000025838995</subfield></datafield><datafield ind1=" " ind2=" " tag="042"><subfield code="a">msc</subfield></datafield><datafield ind1=" " ind2=" " tag="043"><subfield code="a">n-us-va</subfield></datafield><datafield ind1="0" ind2=" " tag="130"><subfield code="a">Campbell County record (Lynch's Station, Va. : 1883 : Weekly)</subfield></datafield><datafield ind1="1" ind2="4" tag="245"><subfield code="a">The Campbell County record.</subfield></datafield><datafield ind1=" " ind2=" " tag="260"><subfield code="a">Lynch's Station, Va. :</subfield><subfield code="b">Hardwicke &amp; Wilkinson</subfield></datafield><datafield ind1=" " ind2=" " tag="300"><subfield code="a">v. ;</subfield><subfield code="c">60 cm.</subfield></datafield><datafield ind1=" " ind2=" " tag="310"><subfield code="a">Weekly</subfield></datafield><datafield ind1="1" ind2=" " tag="362"><subfield code="a">Began May 25? 1883; ceased in 1891.</subfield><subfield code="z">Cf. Gregory, W. Amer. newspapers.</subfield></datafield><datafield ind1=" " ind2=" " tag="500"><subfield code="a">Publishers: J.A. Traylor &amp; Co., &lt;1884-1885&gt;; Charles Norvell, &lt;1885&gt;.</subfield></datafield><datafield ind1=" " ind2=" " tag="500"><subfield code="a">"Devoted to the good of the county and the especial benefit of its patrons."</subfield></datafield><datafield ind1=" " ind2=" " tag="500"><subfield code="a">Published in Lynch's Station, Va. &lt;1883-1885&gt;.</subfield></datafield><datafield ind1=" " ind2=" " tag="500"><subfield code="a">Editor J.J. Hardwicke &amp; B.J. Wilkison, &lt;1883&gt;; B.J. Wilkison, &lt;1884-1885&gt;; Charles Norvell, &lt;1885&gt;; Samuel H. Miller, &lt;1886&gt;.</subfield></datafield><datafield ind1=" " ind2=" " tag="588"><subfield code="a">Description based on: Vol. 1, no. 15 (Aug. 31, 1883).</subfield></datafield><datafield ind1=" " ind2="0" tag="651"><subfield code="a">Campbell County (Va.)</subfield><subfield code="v">Newspapers.</subfield></datafield><datafield ind1=" " ind2="0" tag="651"><subfield code="a">Lynch's Station (Va.)</subfield><subfield code="v">Newspapers.</subfield></datafield><datafield ind1=" " ind2="0" tag="651"><subfield code="a">Rustburg (Va.)</subfield><subfield code="v">Newspapers.</subfield></datafield><datafield ind1=" " ind2=" " tag="752"><subfield code="a">United States</subfield><subfield code="b">Virginia</subfield><subfield code="c">Campbell</subfield><subfield code="d">Rustburg.</subfield></datafield><datafield ind1=" " ind2=" " tag="752"><subfield code="a">United States</subfield><subfield code="b">Virginia</subfield><subfield code="c">Campbell</subfield><subfield code="d">Lynch's Station.</subfield></datafield></record>